% Encoding: UTF-8
@inproceedings{inproceedings,
author = {Karthick, Gayathri and Mapp, Glenford and Kamm√ºller, Florian and Aiash, Mahdi},
year = {2017},
month = {03},
pages = {},
title = {Exploring a Security Protocol for Secure Service Migration in Commercial Cloud Environments},
doi = {10.1145/3018896.3056795}
}
@MastersThesis{,
  author = {Samu Toimela},
  school = {Aalto University},
  title  = {Containerization of telco cloud applications},
  year   = {2017},
  type   = {mathesis},
  url    = {https://aaltodoc.aalto.fi/handle/123456789/26710},
}
@INPROCEEDINGS{8939164,

  author={A. {Randazzo} and I. {Tinnirello}},

  booktitle={2019 Sixth International Conference on Internet of Things: Systems, Management and Security (IOTSMS)}, 

  title={Kata Containers: An Emerging Architecture for Enabling MEC Services in Fast and Secure Way}, 

  year={2019},

  volume={},

  number={},

  pages={209-214},

  doi={10.1109/IOTSMS48152.2019.8939164}}
@INPROCEEDINGS{9198653,

  author={R. {Kumar} and B. {Thangaraju}},

  booktitle={2020 IEEE International Conference on Electronics, Computing and Communication Technologies (CONECCT)}, 

  title={Performance Analysis Between RunC and Kata Container Runtime}, 

  year={2020},

  volume={},

  number={},

  pages={1-4},

  doi={10.1109/CONECCT50063.2020.9198653}}
  
@Misc{KataContainers,
  howpublished = {\url{https://katacontainers.io}},
  note         = {Accessed: 21.12.2020},
  author        = {{Kata Containers Community}},
  title        = {{K}ata {C}ontainers},
  keywords     = {kata containers, open source},
}

@Book{Velte2009,
  author    = {Velte, Toby and Velte, Anthony and Elsenpeter, Robert},
  publisher = {McGraw-Hill, Inc.},
  title     = {Cloud Computing, A Practical Approach},
  year      = {2009},
  address   = {USA},
  edition   = {1},
  isbn      = {0071626948},
  abstract  = {"The promise of cloud computing is here. These pages provide the 'eyes wide open' insights you need to transform your business." --Christopher Crowhurst, Vice President, Strategic Technology, Thomson Reuters A Down-to-Earth Guide to Cloud Computing Cloud Computing: A Practical Approach provides a comprehensive look at the emerging paradigm of Internet-based enterprise applications and services. This accessible book offers a broad introduction to cloud computing, reviews a wide variety of currently available solutions, and discusses the cost savings and organizational and operational benefits. You'll find details on essential topics, such as hardware, platforms, standards, migration, security, and storage. You'll also learn what other organizations are doing and where they're headed with cloud computing. If your company is considering the move from a traditional network infrastructure to a cutting-edge cloud solution, you need this strategic guide. Cloud Computing: A Practical Approach covers: Costs, benefits, security issues, regulatory concerns, and limitations Service providers, including Google, Microsoft, Amazon, Yahoo, IBM, EMC/VMware, Salesforce.com, and others Hardware, infrastructure, clients, platforms, applications, services, and storage Standards, including HTTP, HTML, DHTML, XMPP, SSL, and OpenID Web services, such as REST, SOAP, and JSON Platform as a Service (PaaS), Software as a Service (SaaS), and Software plus Services (S+S) Custom application development environments, frameworks, strategies, and solutions Local clouds, thin clients, and virtualization Migration, best practices, and emerging standards Table of contents Section One: Getting Started; Chapter 1. The History and Future of Cloud Computing; Chapter 2. Cloud Computing Basics; Chapter 3. Your Organization and Cloud Computing; Chapter 4. Cloud Computing with the Titans (Google, Microsoft, Amazon, Yahoo); Chapter 5. The Business Case for going Cloud (w/ case study); Section Two: Cloud Computing Technology; Chapter 6. Hardware and Infrastructure; Chapter 7. Accessing the Cloud (basics to APIs); Chapter 8. Cloud Storage; Chapter 9. Emerging Standards; Section Three: Cloud Computing at Work; Chapter 10. Software as a Service; Chapter 11. Software Plus Services; Chapter 12. Developing Applications; Chapter 13. Local Clouds and Thin Clients; Chapter 14. Migrating to the Cloud; Appendix A. Best Practices; Appendix B. List of Cloud Computing movers and shakers and Informational Resources},
}

@Misc{MicrosoftAzure,
  author       = {{Microsoft Azure}},
  howpublished = {\url{https://azure.microsoft.com/en-us/overview/what-is-a-private-cloud/}},
  note         = {Accessed: 28.12.2020},
  organization = {Microsoft},
  title        = {{What is a private cloud?}},
  keywords      = {azure, platform}
}

@Misc{NetApp,
  author       = {NetApp},
  howpublished = {\url{https://www.netapp.com/hybrid-cloud/what-is-hybrid-cloud/}},
  note         = {Accessed: 28.12.2020},
  organization = {NetApp},
  title        = {What is hybrid cloud?},
  keywords      = {netapp, hybrid cloud}
}


@Comment{jabref-meta: databaseType:bibtex;}
